@article{smith2020example,
  author  = {Smith, John and Doe, Jane},
  title   = {A Study on Strict Formatting Rules in Academic Writing},
  journal = {Journal of Applied Formatting},
  year    = {2020},
  volume  = {5},
  number  = {1},
  pages   = {100-115}
}

@book{jones2022another,
  author    = {Jones, Alan},
  title     = {The Importance of 12pt Serif Fonts},
  publisher = {University Press},
  year      = {2022},
  address   = {London}
}
